@article{Mazor16,
	author={R. D. Mazor and A. C. Rehn and P. R. Ode and M. Engeln and K. C. Schiff and E. D. Stein and D. J. Gillett and D. B. Herbst and C. P. Hawkins},
	year={2016},
	title={Bioassessment in complex environments: designing an index for consistent meaning in different settings},
	journal={Freshwater Science},
	volume={35},
	number={1},
	pages={249-271}
}
@article{Liaw02,
  title={Classification and Regression by randomForest},
  author={Andy Liaw and Matthew Wiener},
  journal={R News},
  year={2002},
  volume={2},
  number={3},
  pages={18-22},
  url={http://CRAN.R-project.org/doc/Rnews/}
}
@article{Cutler07,
	author={D. R. Cutler and T. C. Edwards Jr. and K. H. Beard and A. Cutler and K. T. Hess and J. Gibson and J. J. Lawler},
	year={2007},
	title={Random forests for classification in ecology},
	journal={Ecology},
	volume={88},
	number={11},
	pages={2783-2792},
	doi={10.1890/07-0539.1}
}
