@article{Cutler07,
	author={D. R. Cutler and T. C. Edwards Jr. and K. H. Beard and A. Cutler and K. T. Hess and J. Gibson and J. J. Lawler},
	year={2007},
	title={Random forests for classification in ecology},
	journal={Ecology},
	volume={88},
	number={11},
	pages={2783-2792},
	doi={10.1890/07-0539.1}
}
@article{Hill16,
	author={R. A. Hill and M. H. Weber and S. G. Leibowitz and A. R. Olsen and D. J. Thornbrugh},
	year={2016},
	title={The {S}tream-{C}atchment ({S}tream{C}at) dataset: A database of watershed metrics for the conterminous {U}nited {S}tates},
	journal={Journal of the American Water Resources Assocation},
	volume={52},
	number={},
	pages={120-128},
	doi={10.1111/1752-1688.12372}
}
@article{Liaw02,
  title={Classification and Regression by randomForest},
  author={Andy Liaw and Matthew Wiener},
  journal={R News},
  year={2002},
  volume={2},
  number={3},
  pages={18-22},
  url={http://CRAN.R-project.org/doc/Rnews/}
}
@article{Mazor16,
	author={R. D. Mazor and A. C. Rehn and P. R. Ode and M. Engeln and K. C. Schiff and E. D. Stein and D. J. Gillett and D. B. Herbst and C. P. Hawkins},
	year={2016},
	title={Bioassessment in complex environments: designing an index for consistent meaning in different settings},
	journal={Freshwater Science},
	volume={35},
	number={1},
	pages={249-271}
}
@article{Ode16,
	author={P. R. Ode and A. C. Rehn and R. D. Mazor and K. C. Schiff and E. D. Stein and J. T. May and L. R. Brown and D. B. Herbst and D. Gillett and K. Lunde and C. P. Hawkins},
	year={2016},
	title={Evaluating the adequacy of a reference-site pool for ecological assessments in environmentally complex regions},
	journal={Freshwater Science},
	volume={35},
	number={1},
	pages={237-248}
}
@misc{USGS14,
  author={{USGS (US Geological Survey)}},
	year={2014},
	title={{National Hydrography Dataset available on the World Wide Web}},
	note={\url{https://nhd.usgs.gov}. (Accessed August, 2017)}
}
