@article{Hill16,
	author={R. A. Hill and M. H. Weber and S. G. Leibowitz and A. R. Olsen and D. J. Thornbrugh},
	year={2016},
	title={The {S}tream-{C}atchment ({S}tream{C}at) dataset: A database of watershed metrics for the conterminous {U}nited {S}tates},
	journal={Journal of the American Water Resources Assocation},
	volume={52},
	number={},
	pages={120-128},
	doi={10.1111/1752-1688.12372}
}
@incollection{MacQueen67,
  author={J. MacQueen},
  editor={L. M. Le Cam and J. Neyman},
	year={1967},
	title={Some methods for classification and analysis of multivariate observations},
	booktitle={Proceedings of the Fifth Berkeley Symposium on Mathematical Statistics and Probability},
	publisher={University of California Press},
	address={Berkeley, California, USA},
	pages={281-297}
}
@misc{McKay12,
  author={L. McKay and T. Bondelid and T. Dewald and J. Johnston and R. Moore and A. Reah},
	year={2012},
	title={{NHDPlus Version 2: User Guide}},
	note={\url{ftp://ftp.horizonsystems.com/NHDPlus/NHDPlusV21/Documentation/NHDPlus-
V2_User_Guide.pdf}}
}
