@article{Hill16,
	author={R. A. Hill and M. H. Weber and S. G. Leibowitz and A. R. Olsen and D. J. Thornbrugh},
	year={2016},
	title={The {S}tream-{C}atchment ({S}tream{C}at) dataset: A database of watershed metrics for the conterminous {U}nited {S}tates},
	journal={Journal of the American Water Resources Assocation},
	volume={52},
	number={},
	pages={120-128},
	doi={10.1111/1752-1688.12372}
}
@manual{Meinshausen17,
  title={quantregForest: Quantile Regression Forests},
  author={Nicolai Meinshausen},
  year={2017},
  note={R package version 1.3-7},
  url={https://CRAN.R-project.org/package=quantregForest},
}
